
@article{Valdar-2002,
author = {W.S.J Valdar}, 
journal = {Proteins: Structure, Function, and Bioinformatics},
title = {Scoring residue conservation},
number = {2},
pages = {227--241},
volume = {48},
year = {2002}
}

@article{Henikoff-1994,
author = "Steven Henikoff and Jorja G. Henikoff",
title = "Position-based sequence weights",
journal = "Journal of Molecular Biology",
volume = "243",
number = "4",
pages = "574 - 578",
year = "1994"
}

@article{Johansson-2010,
author = {Fredrik Johansson and Hiroyuki Toh}, 
journal = {BMC bioinformatics},
title = {A comparative study of conservation and variation scores},
pages = {388},
volume = {11},
year = {2010}
}